% !TeX encoding = Windows-1251

@article{WindowsForms,
  title           = {Обзор конструктора {W}indows {F}orms [{Э}лектронный ресурс]},
  year            = {2022},
  language        = {russian},
  note            = {URL:~\url{https://learn.microsoft.com/ru-ru/visualstudio/designers/windows-forms-designer-overview?view=vs-2022} (Дата обращения 12.12.2022). Загл. с экр. Яз. рус.},
}

@article{DotNetFramework,
  title           = {Документация по .{NET} {F}ramework [{Э}лектронный ресурс]},
  year            = {2022},
  language        = {russian},
  note            = {URL:~\url{https://learn.microsoft.com/ru-ru/dotnet/framework/} (Дата обращения 11.12.2022). Загл. с экр. Яз. рус.}
}

@article{CppCLI,
  title           = {Программирование .{NET} с использованием {C}++/{CLI} [{Э}лектронный ресурс]},
  year            = {2022},
  language        = {russian},
  note            = {URL:~\url{https://learn.microsoft.com/ru-ru/cpp/dotnet/dotnet-programming-with-cpp-cli-visual-cpp?view=msvc-170} (Дата обращения 10.12.2022). Загл. с экр. Яз. рус.}
}

@article{NewtonsoftJson,
  title           = {{Json.NET} {D}ocumentation [{Э}лектронный ресурс]},
  year            = {2022},
  language        = {english},
  note            = {URL:~\url{https://www.newtonsoft.com/json/help/html/Introduction.htm} (Дата обращения 23.12.2022). Загл. с экр. Яз. англ.}, 
}

@article{DotNetDll,
  title           = {Зависимости [{Э}лектронный ресурс]},
  year            = {2022},
  language        = {russian},
  note            = {URL:~\url{https://learn.microsoft.com/ru-ru/dotnet/standard/library-guidance/dependencies} (Дата обращения 23.12.2022). Загл. с экр. Яз. рус.},
}

@book{SimonovaCSharp,
  author         = {Е. Симонова},
  publisher      = {Лань},
  title          = {Структуры данных в {C}\#: линейные и нелинейные динамические структуры},
  subtitle       = {учебное пособие для СПО},
  year           = {2020},
  pages          = {164},
  language       = {russian},
  isbn           = {5811454877},
  address        = {Санкт"=Петербург},
}

@book{AhoDataStructures,
  author         = {Альфред Ахо and Джон Хопкрофт and Джеффри Ульман},
  publisher      = {Вильямс},
  title          = {Структуры данных и алгоритмы},
  year           = {2010},
  pages          = {391},
  language       = {russian},
  isbn           = {5845916100}
}

@article{DotNetList,
  title           = {Класс {L}ist<{T}> [{Э}лектронный ресурс]},
  language        = {russian},
  year            = {2022},
  note            = {URL:~\url{https://learn.microsoft.com/ru-ru/dotnet/api/system.collections.generic.list-1?view=net-7.0} (Дата обращения 23.12.2022). Загл. с экр. Яз. рус.}
}

@book{LaborVisualCSharp,
  author         = {В. Лабор},
  publisher      = {Харвест},
  title          = {Си {Ш}арп: {С}оздание приложений для {W}indows},
  year           = {2003},
  pages          = {384},
  language       = {russian},
  isbn           = {9851314056}
}

@book{JohnSharp,
  author         = {Джон Шарп},
  publisher      = {Питер},
  title          = {Microsoft {V}isual {C}\#. {П}одробное руководство},
  year           = {2017},
  series         = {Библиотека программиста},
  pages          = {848},
  language       = {russian},
  isbn           = {5496023726}
}